<record xmlns="http://www.loc.gov/MARC21/slim" xmlns:xsi="http://www.w3.org/2001/XMLSchema-instance" xsi:schemaLocation="http://www.loc.gov/MARC21/slim http://www.loc.gov/standards/marcxml/schema/MARC21slim.xsd"><leader>     nam a22        4500</leader><controlfield tag="001">001779308</controlfield><controlfield tag="003">NNU</controlfield><controlfield tag="006">m        d        </controlfield><controlfield tag="007">cr cn |||m|||a</controlfield><controlfield tag="008">150313s1903    le      o     000 0 ara d</controlfield><datafield ind1=" " ind2=" " tag="040"><subfield code="a">NNU</subfield><subfield code="b">eng</subfield><subfield code="c">NNU</subfield></datafield><datafield ind1="1" ind2=" " tag="100"><subfield code="a">Jind&#299;, Am&#299;n ibn Kh&#257;lid &#256;gh&#257; ibn &#699;Abd al-Razz&#257;q &#256;gh&#257;,</subfield><subfield code="d">1756-1840.</subfield></datafield><datafield ind1="1" ind2="0" tag="245"><subfield code="a">D&#238;w&#226;n</subfield><subfield code="h">[electronic resource] /</subfield><subfield code="c">Am&#299;n al-Jind&#299;.</subfield></datafield><datafield ind1=" " ind2=" " tag="260"><subfield code="a">Bayr&#363;t :</subfield><subfield code="b">al-Maktabah al-Ins&#299;yah,</subfield><subfield code="c">1321 [1901]</subfield></datafield><datafield ind1=" " ind2=" " tag="300"><subfield code="a">online resource (4, 447 p.)</subfield></datafield><datafield ind1=" " ind2=" " tag="500"><subfield code="a">"&#699;Al&#257; dhimmat multazim &#7789;ab&#699;ih Mu&#7717;ammad Kam&#257;l Bakd&#257;sh," p. 1.</subfield></datafield><datafield ind1=" " ind2=" " tag="500"><subfield code="a">Part of the Arabic Collections Online (ACO) project, contributed by New York Univeristy Libraries.</subfield></datafield><datafield ind1=" " ind2=" " tag="533"><subfield code="a">Electronic reproduction.</subfield><subfield code="b">New York, N.Y. :</subfield><subfield code="c">New York University,</subfield><subfield code="d">2015.</subfield><subfield code="5">NNU</subfield></datafield><datafield ind1="1" ind2=" " tag="700"><subfield code="a">Bakd&#257;sh, Mu&#7717;ammad Kam&#257;l.</subfield></datafield><datafield ind1="2" ind2=" " tag="710"><subfield code="a">New York University.</subfield><subfield code="b">Libraries.</subfield></datafield><datafield ind1="0" ind2=" " tag="730"><subfield code="a">Arabic Collections Online.</subfield></datafield><datafield ind1="0" ind2="8" tag="776"><subfield code="i">Print version:</subfield><subfield code="a">Jind&#299;, Am&#299;n ibn Kh&#257;lid &#256;gh&#257; ibn &#699;Abd al-Razz&#257;q &#256;gh&#257;, 1756-1840.</subfield><subfield code="t">D&#238;w&#226;n</subfield><subfield code="w">(NNU)001779308</subfield></datafield><datafield ind1="4" ind2="0" tag="856"><subfield code="u">http://hdl.handle.net/2333.1/j0zpcbmh</subfield></datafield><datafield ind1=" " ind2=" " tag="959"><subfield code="a">NNU</subfield><subfield code="b">WEB</subfield><subfield code="c">GENI</subfield><subfield code="t">0</subfield><subfield code="m">Electronic access</subfield><subfield code="s">01</subfield></datafield><datafield ind1=" " ind2=" " tag="999"><subfield code="i">NNU_001779308</subfield><subfield code="s">nyu_aco000521</subfield><subfield code="e">(ERROR-880)</subfield></datafield></record>